
% =================
%  Core background 
%==================

@InProceedings{cars11,
  author =       {Stephen Checkoway and Damon McCoy and Brian Kantor and Danny Anderson and Hovav Shacham and Stefan Savage and Karl Koscher and Alexei Czeskis and Franziska Roesner and Tadayoshi Kohno},
  title =        {Comprehensive Experimental Analyses of Automotive Attack Surfaces},
  OPTcrossref =  {},
  OPTkey =       {},
  booktitle = {USENIX Security},
  OPTpages =     {},
  year =      {2011},
  OPTeditor =    {},
  OPTvolume =    {},
  OPTnumber =    {},
  OPTseries =    {},
  OPTaddress =   {},
  OPTmonth =     {},
  OPTorganization = {},
  OPTpublisher = {},
  OPTnote =      {},
  OPTannote =    {}
}




@Misc{heartbleed,
  OPTkey =       {},
  OPTauthor =    {},
  title =     {Heartbleed},
  howpublished = {\url{http://heartbleed.com/}},
  month =     {February},
  year =      {2015},
  OPTnote =      {},
  OPTannote =    {}
}

@Book{acl2,
  author =    {Matt Kaufmann and Panagiotis Manolios and J Strother Moore},
  ALTeditor =    {},
  title =        {Computer-Aided Reasoning: An Approach},
  publisher =    {Kluwer},
  year =         {2000},
  OPTkey =       {},
  OPTvolume =    {},
  OPTnumber =    {},
  OPTseries =    {},
  OPTaddress =   {},
  OPTedition =   {},
  OPTmonth =     {},
  OPTnote =      {},
  OPTannote =    {}
}

@TechReport{mars,
  author =       {JPL},
  title =        {{JPL} Institutional Coding Standard for the {C} Programming Language},
  institution =  {Jet Propulsion Laboratory},
  year =         {2009},
  OPTkey =       {},
  OPTtype =      {},
  number =    {JPL DOCID D-60411},
  OPTaddress =   {},
  OPTmonth =     {},
  note =      {Available at \url{http://lars-lab.jpl.nasa.gov/JPL_Coding_Standard_C.pdf}},
  OPTannote =    {}
}


@book{spark,
 author = {Barnes, John},
 title = {High Integrity Software: The {SPARK} Approach to Safety and Security},
 year = {2003},
 publisher = {Addison-Wesley}
}

@inproceedings{quoted,
 author = {Mainland, Geoffrey},
 title = {Why It's Nice to Be Quoted: Quasiquoting for {Haskell}},
 booktitle = {Proceedings of the ACM SIGPLAN Workshop on Haskell Workshop},
 year = {2007},
 pages = {73--82},
 publisher = {ACM}
} 

@inproceedings{effects,
 author = {Kiselyov, Oleg and Sabry, Amr and Swords, Cameron},
 title = {Extensible Effects: An Alternative to Monad Transformers},
 booktitle = {Proceedings of the 2013 ACM SIGPLAN Symposium on Haskell},
 series = {Haskell '13},
 year = {2013},
 pages = {59--70},
 publisher = {ACM}
} 

@Misc{sbv,
  OPTkey =       {},
  author =    {Levent Erkok},
  title =     {{SBV}: {SMT} Based Verification in {Haskell}},
  howpublished = {Website},
  OPTmonth =     {},
  year =      {2014},
  note =      {\url{http://leventerkok.github.io/sbv/}},
  OPTannote =    {}
}

@article{rust,
 author = {Matsakis, Nicholas D. and Klock,II, Felix S.},
 title = {The {Rust} Language},
 journal = {Proceedings of the 2014 {ACM} {SIGAda} Annual Conference on High Integrity Language Technology},
 issue_date = {December 2014},
 volume = {34},
 number = {3},
 month = oct,
 year = {2014},
 pages = {103--104},
 publisher = {ACM}
} 

@inproceedings{cvc4,
 author = {Barrett, Clark and Conway, Christopher L. and Deters, Morgan and Hadarean, Liana and Jovanovi\'{c}, Dejan and King, Tim and Reynolds, Andrew and Tinelli, Cesare},
 title = {{CVC4}},
 booktitle = {Proceedings of the 23rd International Conference on Computer Aided Verification},
 year = {2011},
 pages = {171--177},
} 

@book{isabelle,
 author = {Nipkow, Tobias and Wenzel, Markus and Paulson, Lawrence C.},
 title = {Isabelle/HOL: A Proof Assistant for Higher-order Logic},
 year = {2002},
 isbn = {3-540-43376-7},
 publisher = {Springer-Verlag},
 address = {Berlin, Heidelberg},
} 


@Manual{coq,
  title =        {The Coq proof assistant reference manual},
  author =       {The {Coq} development team},
  organization = {LogiCal Project},
  note =         {Version 8.0},
  year =         {2004},
  url =          "http://coq.inria.fr"
} 

@INPROCEEDINGS{agda,
    author = {Ulf Norell},
    title = {Dependently typed programming in {Agda}},
    booktitle = {In Lecture Notes from the Summer School in Advanced Functional Programming},
    year = {2008}
}

@article{idris,
author = {Brady, Edwin},
title = {{Idris}, a general-purpose dependently typed programming language: Design and implementation},
journal = {Journal of Functional Programming},
volume = {23},
issue = {05},
year = {2013},
pages = {552--593}
}

@Book{acl,
  ALTauthor =    {Matt Kaufmann and Panagiotis Manolios and J Strother Moore},
  ALTeditor =    {},
  title =        {Computer-Aided Reasoning: An Approach},
  publisher =    {Kluwer Academic Publishers},
  year =         {2000},
  OPTkey =       {},
  OPTvolume =    {},
  OPTnumber =    {},
  OPTseries =    {},
  OPTaddress =   {},
  OPTedition =   {},
  OPTmonth =     {},
  OPTnote =      {},
  OPTannote =    {}
}

@InProceedings{ivory-acl2,
  author =       {Greg Eakman and Howard Reubenstein and Tom Hawkins and Mitesh Jain and Panagiotis Manolios},
  title =        {Practical Formal Verification of Domain-Specific Language Applications},
  OPTcrossref =  {},
  OPTkey =       {},
  booktitle = {{NASA} Formal Methods Symposium},
  year =      {2015},
  OPTeditor =    {},
  OPTvolume =    {},
  OPTnumber =    {},
  OPTseries =    {},
  OPTpages =     {},
  OPTmonth =     {},
  OPTaddress =   {},
  OPTorganization = {},
  publisher = {Springer},
  OPTnote =      {},
  OPTannote =    {}
}

@inproceedings{weirich-keynote,
  author    = {Stephanie Weirich},
  title     = {Depending on types},
  booktitle = {Proceedings of the 19th {ACM} {SIGPLAN} international conference on
               Functional programming, Gothenburg, Sweden, September 1-3, 2014},
  pages     = {241},
  year      = {2014},
  publisher = {{ACM}}
}

@inproceedings{smaccm,
  author    = {Patrick C. Hickey and
               Lee Pike and
               Trevor Elliott and
               James Bielman and
               John Launchbury},
  title     = {Building embedded systems with embedded {DSLs} (experience report)},
  booktitle = {Intl. Conference on Functional Programming (ICFP)},
  publisher = {ACM},
  year      = {2014}
}

@article{compcert,
  author = {Xavier Leroy},
  title = {Formal verification of a realistic compiler},
  journal = {Communications of the ACM},
  year = 2009,
  volume = 52,
  number = 7,
  pages = {107--115}
}

@inproceedings{dephaskell,
 author = {Lindley, Sam and McBride, Conor},
 title = {Hasochism: The Pleasure and Pain of Dependently Typed Haskell Programming},
 booktitle = {Symposium on Haskell},
 year = {2013},
 pages = {81--92},
 publisher = {ACM}
} 
[download]
@article{Lindley:2013:HPP:2578854.2503786,
 author = {Lindley, Sam and McBride, Conor},
 title = {Hasochism: The Pleasure and Pain of Dependently Typed Haskell Programming},
 journal = {SIGPLAN Not.},
 issue_date = {December 2013},
 volume = {48},
 number = {12},
 month = sep,
 year = {2013},
 issn = {0362-1340},
 pages = {81--92},
 numpages = {12},
 url = {http://doi.acm.org/10.1145/2578854.2503786},
 doi = {10.1145/2578854.2503786},
 acmid = {2503786},
 publisher = {ACM},
 address = {New York, NY, USA},
 keywords = {data type promotion, dependent types, invariants, proof search, singletons},
} 

@article{stmonad,
 author = {Launchbury, John and Peyton Jones, Simon L.},
 title = {Lazy Functional State Threads},
 booktitle = {Programming Language Design and Implementation (PLDI)},
 month = jun,
 year = {1994},
 pages = {24--35},
 publisher = {ACM},
}

@article{typefamilies,
 author = {Schrijvers, Tom and Peyton Jones, Simon and Chakravarty, Manuel and Sulzmann, Martin},
 title = {Type Checking with Open Type Functions},
 journal = {Intl. Conference on Functional Programming},
 month = sep,
 year = {2008},
 issn = {0362-1340},
 pages = {51--62},
 publisher = {ACM},
}

@inproceedings{datakinds,
 author = {Yorgey, Brent A. and Weirich, Stephanie and Cretin, Julien and Peyton Jones, Simon and Vytiniotis, Dimitrios and Magalh\~{a}es, Jos{\'e} Pedro},
 title = {Giving Haskell a Promotion},
 booktitle = {Workshop on Types in Language Design and Implementation},
 year = {2012},
 pages = {53--66},
 publisher = {ACM},
}

@inproceedings{cyclone,
 author = {Jim, Trevor and Morrisett, J. Greg and Grossman, Dan and Hicks, Michael W. and Cheney, James and Wang, Yanling},
 title = {Cyclone: A Safe Dialect of {C}},
 booktitle = {USENIX Conference},
 year = {2002},
 publisher = {USENIX},
 address = {Berkeley, CA, USA}
}

@phdthesis{bitc,
 author = {Sridhar, Swaroop},
 advisor = {Shapiro, Jonathan},
 title = {Bit{C}: A Safe Systems Programming Language},
 year = {2009},
 publisher = {Johns Hopkins University}
}

@article{stanag,
  author = {Frazzetta, Stefano and Pacino, Marco},
  journal = {Journal of Intelligent and Robotic Systems},
  pages = {21-31},
  title = {A {STANAG 4586} Oriented Approach to {UAS} Navigation - The Case of {Italian} {Sky-Y} Flight Trials},
  volume = 69,
  year = 2013
}

@Misc{apm-proj,
  key =       {APM Project},
  OPTauthor =    {},
  title =     {{A}{P}{M} Multiplatform Autopilot Suite},
  howpublished = {Website \url{http://ardupilot.com/}},
  OPTmonth =     {},
  OPTyear =      {},
  note =      {Retrieved Feb. 2014},
  OPTannote =    {}
}


@Misc{mavlink,
  key =       {MAVLink Protocol},
  OPTauthor =    {},
  title =     {{M}{A}{V}{L}ink},
  howpublished = {Website \url{http://qgroundcontrol.org/mavlink/start}},
  OPTmonth =     {},
  OPTyear =      {},
  note =      {Retrieved Feb. 2014},
  OPTannote =    {}
}

@Misc{px4-proj,
  key =       {Pixhawk},
  OPTauthor =    {},
  title =     {{P}{X}{4} Autopilot Project},
  howpublished = {Website \url{http://pixhawk.org/}},
  OPTmonth =     {},
  OPTyear =      {},
  note =      {Retrieved Feb. 2014},
  OPTannote =    {}
}

@Misc{freertos,
  key =       {FreeRTOS},
  OPTauthor =    {},
  title =     {Free{R}{T}{O}{S}},
  howpublished = {Website \url{http://freertos.org/}},
  OPTmonth =     {},
  OPTyear =      {},
  note =      {Retrieved Feb. 2014},
  OPTannote =    {}
}

@Misc{echronos,
  key =       {eChronos},
  OPTauthor =    {NICTA and Breakaway Consulting},
  title =     {e{C}hronos},
  howpublished = {Website \url{http://ssrg.nicta.com.au/projects/TS/echronos}},
  OPTmonth =     {},
  OPTyear =      {},
  note =      {Retrieved Feb. 2014},
  OPTannote =    {}
}


@Misc{mainland-cquote,
  author = {Geoffery Mainland},
  title = {{language-c-quote package}},
  howpublished = {\url{http://hackage.haskell.org/package/language-c-quote}},
  year = {2013},
  month = {December}
}

@BOOK{SAE:AADL,
  AUTHOR =       {SAE-AS5506},
  TITLE =        {Architecture Analysis and Design Language},
  PUBLISHER =    {SAE},
  YEAR =         "2004",
  month =        "Nov"
}

@inproceedings{high-level,
  author    = {Iavor S. Diatchki and
               Mark P. Jones and
               Rebekah Leslie},
  title     = {High-level views on low-level representations},
  booktitle = {Intl. Conference on Functional Programming},
  year      = {2005},
  pages     = {168-179},
  publisher = {ACM}
}


@inproceedings{memareas,
  author    = {Iavor S. Diatchki and
               Mark P. Jones},
  title     = {Strongly typed memory areas programming systems-level data
               structures in a functional language},
  booktitle = {Proceedings of the ACM SIGPLAN Workshop on Haskell},
  year      = {2006},
  publisher = {ACM},
  pages     = {72-83}
}

@InProceedings{safe,
  author =       {David Terei and Simon Marlow and Simon Peyton Jones and David Mazi\`{e}res},
  title =        {Safe Haskell},
  OPTcrossref =  {},
  OPTkey =       {},
  booktitle = {Proceedings of the Haskell Symposium},
  OPTpages =     {},
  year =      {2012},
  OPTeditor =    {},
  OPTvolume =    {},
  OPTnumber =    {},
  OPTseries =    {},
  OPTaddress =   {},
  OPTmonth =     {},
  OPTorganization = {},
  Tpublisher = {ACM},
  OPTnote =      {},
  OPTannote =    {}
}

@inproceedings{fof,
    author = {Dagand, Pierre E. and Baumann, Andrew and Roscoe, Timothy},
    booktitle = {Proceedings of the Fifth Workshop on Programming Languages and Operating Systems (PLOS '09)},
    pages = {1--5},
    publisher = {ACM},
    title = {{Filet-o-Fish}: practical and dependable domain-specific languages for {OS} development},
    year = {2009}
}


@Misc{ghc,
  key =       {GHC},
  author =    {{GHC Team}},
  title =     {The Glorious {G}lasgow {H}askell Compilation System User's Guide, Version 7.4.1},
  OPThowpublished = {},
  month =     {March},
  year =      {2012},
  note =      {Available at \url{http://www.haskell.org/ghc/docs/latest/html/users_guide/}},
  OPTannote =    {}
}

@inproceedings{typing,
 author = {Baars, Arthur I. and Swierstra, S. Doaitse},
 title = {Typing dynamic typing},
 booktitle = {Intl. Conference on Functional Programming (ICFP)},
 month = {September},
 year = {2002},
 pages = {157--166},
 publisher = {ACM}
} 

@inproceedings{ocaml,
  title = {Experience report: using {O}bjective {Caml} to develop safety-critical embedded tools in a certification framework},
  author = {Bruno Pagano and Olivier Andrieu and Thomas Moniot and Benjamin Canou and Emmanuel Chailloux and Philippe Wang and Pascal Manoury and Jean-Louis ColaÃ§o},
  year = {2009},
  pages = {215--220},
  booktitle = {International Conference on Functional Programming (ICFP)},
  editor = {Graham Hutton and Andrew P. Tolmach},
  publisher = {ACM}
}

@inproceedings{appel,
  author    = {Andrew W. Appel},
  title     = {Verified Software Toolchain},
  booktitle = {Programming Languages and Systems (ESOP)},
  year      = {2011},
  pages     = {1--17},
  series    = {LNCS},
  volume    = {6602},
  publisher = {Springer}
}



@Proceedings{cli,
  title =        {Special Issue on System Verification: Journal of Automated Reasoning},
  year =         {1989},
  OPTkey =       {},
  OPTbooktitle = {},
  editor =    {J Strother Moore},
  volume =    {5},
  number =    {4},
  OPTannote =    {}
}

@Article{turing,
  author =       {Len Sassaman and Meredith L. Patterson and Sergey Bratus and Anna Shubina},
  title =        {The {H}alting Problems of Network Stack Insecurity},
  journal =      {;login: The {USENIX} Magazine},
  year =         {2011},
  OPTkey =       {},
  volume =    {36},
  number =    {6},
  OPTpages =     {},
  month =     {December},
  OPTnote =      {},
  OPTannote =    {}
}

@InProceedings{sampling,
  author =       {S. Fischmeister and Y. Ba},
  title =        {Sampling-based Program Execution Monitoring},
  booktitle = {ACM International conference on Languages, compilers, and tools for embedded
systems ({LCTES})},
  pages =     {133-142},
  year =      {2010},
}

@InProceedings{borzoo,
  author =       {Borzoo Bonakdarpour and Samaneh Navabpour and Sebastian Fischmeister},
  title =        {Sampling-based Runtime Verification},
  booktitle = {17th Intl. Symposium on Formal Methods (FM)},
  OPTpages =     {},
  year =      {2011},
}



@Misc{aeroperu,
  OPTkey =       {},
  author =    {Peter B. Ladkin},
  title =     {News and Comment on the {Aeroperu} B757 Accident; {AeroPeru} {F}light 603, 2 October 1996},
  OPThowpublished = {},
  OPTmonth =     {},
  year =      {2002},
  note =      {Online article RVS-RR-96-16.  Available at \url{http://www.rvs.uni-bielefeld.de/publications/Reports/aeroperu-news.html}},
  OPTannote =    {}
}

@article{ariane,
  author    = {Bashar Nuseibeh},
  title     = {Soapbox: Ariane 5: Who Dunnit?},
  journal   = {IEEE Software},
  volume    = {14},
  number    = {3},
  year      = {1997},
  pages     = {15--16}
}

@inproceedings{gill,
  author = {Andy Gill},
  title = {Type-Safe Observable Sharing in {H}askell},
  booktitle = {Proceedings of the 2009 {ACM} {SIGPLAN} {H}askell Symposium},
  year = {2009},
  month = {September}
}


@article{therac,
author = {Nancy G. Leveson and Clark S. Turner},
title = {An Investigation of the {Therac-25} Accidents},
journal ={Computer},
volume = {26},
year = {1993},
pages = {18--41},
publisher = {IEEE}
}

@techreport{lustre-intro,
title = {Formal System Development with {L}ustre: Framework and Example},
author = {Jan Mik\'{a}\^{c} and Paul Caspi},
institution = {Verimag Technical Report},
number = {TR-2005-11},
year = {2005},
OPTnote = {Available at \url{http://www-verimag.imag.fr/index.php?page=techrep-list&lang=en}}
}


@TECHREPORT{dutertre,
    author = {Bruno Dutertre and Leonardo De Moura},
    title = {The {Y}ices {SMT} solver},
    institution = {SRI},
    year = {2006},
    notes = {Available at \url{http://yices.csl.sri.com/documentation.shtml}}
}

@Misc{atom,
  author =    {Tom Hawkins},
  title =     {Controlling Hybrid Vehicles with {H}askell},
  howpublished = {Presentation.  \emph{Commercial Users of Functional Programming} (CUFP)},
  year =      {2008},
  note =      {Available at \url{http://cufp.galois.com/2008/schedule.html}.}
}

@Misc{micromort,
  author =    {Ron Howard},
  title =     {Life and Death Decisions},
  howpublished = {Presentation. \emph{Stategic Decision and Risk Management}, Stanford Certificate Program},
  month = {September},
  year =      {2006},
  note =      {Downloaded from \url{http://stanford-online.stanford.edu/sdrmda61w/session10b/slides/sld031.htm}.}
}

@INPROCEEDINGS{rushbyss10,
	AUTHOR = {John Rushby},
	TITLE = {Formalism in Safety Cases},
	BOOKTITLE = {Making Systems Safer: 
               Proceedings of the Eighteenth Safety-Critical Systems Symposium},
	YEAR = 2010,
	EDITOR = {Chris Dale and Tom Anderson},
	PUBLISHER = {Springer},
	ADDRESS = {Bristol, UK},
	MONTH = feb,
	PAGES = {3--17},
	NOTE = {Available at \url{http://www.csl.sri.com/users/rushby/papers/sss10.pdf}}
}


% Software and additional documentation available at \url{http://hackage.haskell.org/package/atom}.}
% }

@inproceedings{scheduling, 
  author={Goossens, J. and Richard, P.}, 
  title={Overview of real-time scheduling problems (Invited Paper)}, 
  year={2004}, 
  booktitle={Euro Workshop on Project Management and Scheduling}, 
}
  %note ={Available at \url{http://www.lisi.ensma.fr/ftp/pub/documents/papers/2004/2004-EWPMSIP-Goossens.pdf}},

@inproceedings{rehger,
 author = {Yang, Xuejun and Chen, Yang and Eide, Eric and Regehr, John},
 title = {Finding and understanding bugs in {C} compilers},
 booktitle = {Programming Language Design and Implementation (PLDI)},
 year = {2011},
 pages = {283--294},
 publisher = {ACM}
} 

@inproceedings{meijer,
 author = {Leijen, Daan and Meijer, Erik},
 title = {Domain specific embedded compilers},
 booktitle = {Domain-Specific Languages Conference},
 year = {1999},
 publisher = {USENIX}
} 


@Article{pareto,
  author =       {Reed, W. J},
  title =        {The {P}areto, {Z}ipf and other power laws},
  journal =      {Economics Letters},
  year =         {2001},
  OPTkey =       {},
  volume =    {74},
  number =    {1},
  pages =     {15--19},
  OPTmonth =     {},
  OPTnote =      {},
  OPTannote =    {}
}


@article{leroy,
 author = {Leroy, Xavier},
 title = {Formal verification of a realistic compiler},
 journal = {Communications of the ACM},
 volume = {52},
 issue = {7},
 month = jul,
 year = {2009},
 pages = {107--115}
} 


@inproceedings{mcrypt,
  author    = {L. Pike and M. Shields and J. Matthews},
  title     = {A verifying core for a cryptographic language compiler},
  booktitle = {Proceedings of the 6th Intl. Workshop on the ACL2 Theorem Prover and its Applications},
  year      = {2006},
  pages     = {1--10},
  publisher = {ACM},
}
%  note      = {Available at \url{http://www.cs.indiana.edu/~lepike/pub_pages/acl2.html}}

@article{lamport,
 author = {Lamport, Leslie},
 title = {Time, clocks, and the ordering of events in a distributed system},
 journal = {Communications of the ACM},
 volume = {21},
 number = {7},
 year = {1978},
 pages = {558--565},
 publisher = {ACM}
 }

@InProceedings{pike-icfp-12,
  author =    {Lee Pike and Nis Wegmann and Sebastian Niller and Alwyn Goodloe},
  title =     {Experience Report: a Do-It-Yourself High-Assurance Compiler},
  booktitle = {Proceedings of the Intl. Conference on Functional Programming (ICFP)},
  publisher = {ACM},
  year =      {2012},
  month =     {September},
}

@inproceedings{copilot,
  author    = {Lee Pike and
               Alwyn Goodloe and
               Robin Morisset and
               Sebastian Niller},
  title     = {Copilot: A Hard Real-Time Runtime Monitor},
  booktitle     = {Runtime Verification (RV)},
  year      = {2010},
  pages     = {345-359},
  publisher = {Springer},
  volume    = {6418}
}

@article{javamop,
 author = {Chen, Feng and d'Amorim, Marcelo and Ro\c{s}u, Grigore},
 title = {Checking and Correcting Behaviors of Java Programs at Runtime with {Java-MOP}},
 journal = {Electronic Notes in Theoretical Computer Science},
 volume = {144},
 issue = {4},
 month = {May},
 year = {2006},
 pages = {3--20},
 publisher = {Elsevier}
} 

@incollection {controller,
   author = {Asarin, Eugene and Maler, Oded and Pnueli, Amir},
   title = {Symbolic controller synthesis for discrete and timed systems},
   booktitle = {Hybrid Systems II},
   series = {LNCS},
   publisher = {Springer},
   pages = {1-20},
   volume = {999},
   year = {1995}
}



@PhdThesis{bauer,
  author =       {Andreas Klaus Bauer},
  title =        {Model-based runtime analysis of distributed reactive systems},
  school =       {Institut f\"{u}r Informatik der Technischen Universit\"{a}t M\"{u}nchen},
  year =         {2006},
  OPTkey =       {},
  OPTtype =      {},
  OPTaddress =   {},
  OPTmonth =     {},
  OPTnote =      {Available at \url{http://deposit.ddb.de/cgi-bin/dokserv?idn=985347074&dok_var=d1&dok_ext=pdf&filename=985347074.pdf}},
  OPTannote =    {}
}

@inproceedings{syncraft,
 author = {Bonakdarpour, Borzoo and Kulkarni, Sandeep S.},
 title = {{SYCRAFT}: A Tool for Synthesizing Distributed Fault-Tolerant Programs},
 booktitle = {International Conference on Concurrency Theory (CONCUR '08)},
 year = {2008},
 pages = {167--171},
 publisher = {Springer}
} 

@inproceedings{sandeep,
 author = {Bonakdarpour, Borzoo and Kulkarni, Sandeep S},
 title = {Incremental synthesis of fault-tolerant real-time programs},
 booktitle = {Proceedings of the 8th international conference on stabilization, safety, and security of distributed systems (SSS'06)},
 year = {2006},
 pages = {122--136},
 numpages = {15},
 publisher = {Springer-Verlag}
} 

@TechReport{rushby-possibly,
  author =       {Bev Littlewood and John Rushby},
  title =        {Reasoning about the Reliability Of Diverse Two-Channel Systems In which One Channel is "Possibly Perfect"},
  institution =  {SRI},
  year =         {2010},
  OPTkey =       {},
  type =      {Technical Report},
  number =    {SRI-CSL-09-02},
  OPTaddress =   {},
  month =     {January},
  OPTnote =      {Available at \url{http://www.csl.sri.com/users/rushby/abstracts/csl-09-02}},
  OPTannote =    {}
}

@Misc{DO178B,
  author =       {RTCA},
  howpublished =       {RTCA, Inc.},
  title =        {Software Considerations in Airborne Systems and Equipment Certification},
 note = {RCTA/DO-178B},
  year =         {1992}
  }

@Misc{DO254,
  key =       {RTCA},
  howpublished =       {RTCA, Inc.},
  title =        {Design Assurance Guidelines for Airborne Electronic Hardware},
 note = {{RCTA/DO254}},
  year =         {2000}
  }

@techreport{bigfaa,
    AUTHOR = {John Rushby},
    TITLE = {Formal Methods and Digital Systems Validation for Airborne Systems},
    INSTITUTION = {{NASA}},
    YEAR = {1993},
    NUMBER = {CR--4551},
    MONTH = {{December}}
}

@article{th,
 author = {Sheard, Tim and Jones, Simon Peyton},
 title = {Template Meta-programming for Haskell},
 journal = {SIGPLAN Notices},
 volume = {37},
 number = {12},
 month = dec,
 year = {2002},
 pages = {60--75},
 publisher = {ACM}
}


@Book{MannaP,
  author = 	 {Z. Manna and A. Pnueli},
  title = 	 {The Temporal Logic of Reactive and Concurrent Systems},
  publisher = 	 {Springer Verlag},
  year = 	 {1992}
}


% ====================
% Esterel
% ====================


@Article{BerryG92,
  author = 	 {G. Berry and G. Gonthier},
  title = 	 {The Eserel Synchronous Programming Language: Design, Semantics, and Implementation},
  journal = 	 {The Science of Computer Programming},
  year = 	 {1992},
  volume  =       {19},
  number = 	 {2},
  pages = 	 {87--152}
}

% =====================
% Lustre
% =====================



@Misc{LustreComp,
  OPTkey = 	 {},
  OPTauthor = 	 {},
  OPTtitle = 	 {Lustre V6 Compiler},
  OPThowpublished = {},
  OPTmonth = 	 {},
  OPTyear = 	 {},
  OPTnote = 	 {http://www-verimag.imag.fr/Lustre-V6.html},
  OPTannote = 	 {}
}

@Article{BenvenisteCHGS02,
  author = 	 {A. Benveniste and P. Caspi and S. Edwards and N. Halbwachs and P. Le~Guernic and R. de~Simone},
  title = 	 {The Synchronous Languages Twelve Years Later},
  journal = 	 {Proceedings of the IEEE},
  year = 	 {2002},
  volume = 	 {91},
  number = 	 {1},
  pages = 	 {64--83}
}

@InProceedings{CaspiPHP87,
  author = 	 {P. Caspi and D. Pialiud and N. Halbwachs and J. Plaice},
  title = 	 {{LUSTRE}: a Declarative Language for Programming Synchronous Systems},
  booktitle = {14th Symposium on Principles of Programming Languages},
  pages = 	 {178-188},
   year = 	 {1987}
}

 
 @InProceedings{HalbwachsRR991,
  author = 	 {N.Halbwachs and P Raymond and C. Ratel},
  title = 	 {Generating Efficient Code from Data-Flow Programs},
  booktitle = {Third International Symposium on Programming Language Implementation and Logic Programming },
  OPTpages = 	 {},
  year = 	 {1991}
}


@INPROCEEDINGS{Halbwachs93,
    author = {N. Halbwachs and F. Lagnier and P. Raymond},
    title = {Synchronous Observers and the Verification of Reactive Systems},
    booktitle = {Third Innternational Conference on Algebraic Methodology and Software Technology},
    year = {1993},
    pages = {83--96},
    publisher = {Springer Verlag}
}



General Overview
%--------------------------------------------------------

@INBOOK{ColinM05,
AUTHOR =       {Severine Colin and Leonardo Mariani},
TITLE =        {Model-based Testing of Reactive Systems},
CHAPTER =      {Run-time Verification},
pages =        {525-556},
PUBLISHER =    {Springer Verlag},
YEAR =         {2005},
volume =       {3472},
series =       {LNCS},
}
%editor =       {Manfred Broy and Bengt Jonsson and Joost-Pieter Katoen and Martin Leucker and Alexander Pretschner},



@Article{DelgadoGR04,
  author = 	 {N. Delgado and A. Gates and S. Roach},
  title = 	 {A Taxonomy and Catalog of Runtime Monitoring Tools},
  journal = 	 {IEEE Transactions of Software Engineering},
  year = 	 {2004},
  volume = 	 {30},
  number = 	 {12},
  pages = 	 {859--872}
}

@Article{Schroeder95,
  author = 	 {B. Schroeder},
  title = 	 {On-Line Monitoring: A Tutorial},
  journal = 	 {IEEE Computer},
  year = 	 {1995},
  volume = 	 {28},
  number = 	 {6},
  pages = 	 {72--78}
}


%-------------------------
% Penn work on MAC
%-------------------------


@InProceedings{KimVBKLS99,
  author = 	 {M. Kim and M. Viswanathan and H. Ben-Abdallah and S. Kannan and I. Lee
    and O. Sokolsky},
  title = 	 {Formally specified monitoring of temporal properties},
    booktitle = {11th Euromicro Conference on Real-Time Systems},
  pages = 	 {114--122},
  year = 	 {1999},
  }

@InProceedings{LeeKSV99,
  author = 	 {M. Kim and O. Sokolsky and M. Viswanathan},
  title = 	 {Runtime assurance based on formal specifications},
  booktitle = {International Conference
    on Parallel and Distributed Processing Techniques and Applications},
  pages = 	 {279--287},
  year = 	 {1999} 
 }


@Article{KimLKS04,
  author = 	 { M. Kim and I. Lee and S. Kannan  and O. Sokolsky},
  title = 	 {{Java-MaC}: a Run-time Assurance Tool for {J}ava},
  journal = 	 {Formal Methods in System Design},
  year = 	 {2004},
    volume = 	 {24},
  number = 	 {1},
  pages = 	 {129--155}
}


@InProceedings{KimLSSS02,
  author = 	 {M. Kim and I. Lee and U. Sammapun and J. Shin and O. Sokolsky},
  title = 	 {Monitoring, Checking, and Steering of Real-Time Systems},
  series = 	 {ENTCS},
  year = 	 {2002},
  volume = 	 {70},
  number = 	 {4},
  booktitle = 	 {Proceedings of the 2nd Intl. Conf. on Runtime Verification}
}

@Article{SokolskySLK05,
  author = 	 {O. Sokolsky and U. Sammapun and I. Lee and J. Kim},
  title = 	 {Run-Time Checking of Dynamic Properties},
  series = 	 {ENTCS},
  year = 	 {2005},
  volume = 	 {144},
  number = 	 {4},
  pages = 	 {91--108},
  booktitle = 	 {Proceedings of the 5th Intl. Conf. on Runtime Verification}
 }



@Misc{cmac,
  author = 	 {O. Sokolsky},
  title = 	 {{C MaC}},
  howpublished = {Available from University of Pennsylvania Real-Time Systems Gorup},
  note = 	 {\url{rtg.cis.upenn.edu}}
  
}

%--------------------------------------------------------------------
% Rosu  general and MOP
%-------------------------------------------------------------------

@inproceedings{havelundc,
  author    = {Klaus Havelund},
  title     = {Runtime Verification of {C} Programs},
  booktitle = {Testing of Software and Communicating Systems (TestCom/FATES)},
  year      = {2008},
  publisher = {Springer},
  pages     = {7--22}
}

@Article{HavelundR04A,
  author = 	 {K. Havelund and G. Ro\c{s}u},
  title = 	 {An Overview of the Runtime Verification Tool {J}ava {P}ath{E}xplorer},
  journal = 	 {Formal Methods in System Design},
  year = 	 {2004},
  volume = 	 {24},
  number = 	 {2},
  pages = 	 {189--215}
}

@Article{HavelundR04B,
  author = 	 {K. Havelund and G. Ro\c{s}u},
  title = 	 {Efficient Monitoring of Safety Properties},
  journal = 	 {International Journal on Software Tools for  Technology Transfer },
  year = 	 {2004},
    volume = 	 {6},
  number = 	 {2},
  Tpages = 	 {158--173}
}



@inproceedings{ChenR05,
author={F. Chen and G. Ro\c{s}u},
title={{Java-MOP:} A Monitoring Oriented Programming Environment for {Java}},
booktitle={11th Intl. Conf. on Tools and Algorithms for the construction and analysis of systems ({TACAS'05})},
publisher={Springer},
series={LNCS},
volume={3440},
pages= {546-550},
year={2005}
}


@Misc{framac,
  key =       {Frama-C webpage},
  OPTauthor =    {{CEA~LIST} and {INRIA-Saclay} (developin},
  title =     {{Frama-C}},
  OPThowpublished = {Webpage},
  OPTmonth =     {},
  OPTyear =      {Accessed 2010},
  note =      {Accessed August, 2010.  \url{http://frama-c.com/index.html}},
  OPTannote =    {}
}

@InProceedings{ChenAR04,
  author = 	 {F. Chen and M. D'Amorim and G. Ro\c{s}u},
  title = 	 {A Formal Monitoring-Base Framewrok for Software Development Analysis},
  booktitle = {Proceedings of the 6th International Conference on Formal Engineering Methods (ICFEM'04)},
  pages = 	 {357--373},
  year = 	 {2004},
  OPTnumber = 	 {3308},
  series = 	 {LNCS},
  publisher = {Springer}
  }


@InProceedings{ChenR07,
  author = 	 {F. Chen and G. Ro\c{s}u},
  title = 	 {{MOP:} An Efficient and Generic Runtime Verification Framework},
    booktitle = {Object Oriented Programming, Systems, Languages, and Applications},
  pages = 	 {569--588},
  year = 	 {2007}
}

%-------------------------------------------------------
% Rosu Generating Monitors
%-------------------------------------------------------
@InProceedings{HavelundR02,
    author = {K. Havelund and G. Ro\c{s}u},
    title = {Synthesizing Monitors for Safety Properties},
    booktitle = {Tools and Algorithms for Construction and Analysis of Systems},
    pages = {342-356},
    year = {2002}
}



@InProceedings{RosuCB08,
  author = 	 {G. Rosu and F. Chen and T. Ball},
  title = 	 {Synthesizing Monitors for Safety Properties -- This Time With Calls and Returns},
  booktitle = {{RV}'08: Proceedings of Runtime Verification},
  year = 	 {2008},
  note = 	 {To Appear},
  
}

%-------------------------------------------------------
% Rosu Distributed.
%-------------------------------------------------------


@InProceedings{SenVAR04,
  author = 	 {K. Sen and A. Vardhan and G. Agha and G. Rosu},
  title = 	 {Efficient Decentralized Monitoring of Safety in  Distributed Systems},
  booktitle = {{ICSE}'04: Proceedings of 6th International Conference on Software Engineering},
  pages = 	 {418--427},
  year = 	 {2004}
}




% ------------------------------------
% RT 
%-------------------------------------

@InProceedings{PellizzoniCR08A,
  author = 	 {R. Pellizzoni and P. Meredith and M. Caccamo and G. Rosu },
  title = 	 {Hardware Runtime Monitoring for Dependable COTS-based
Real-Time Embedded Systems},
  booktitle = {{RTSS}'08: Proceedings of the 29th IEEE Real-Time System Symposium},
  pages = 	 {481--491},
  year = 	 {2008}
}

@inproceedings{PellizzoniCR08B,
 author = {Pellizzoni,, Rodolfo and Meredith,, Patrick and Caccamo,, Marco and Ro\c{s}u,, Grigore},
 title = {Hardware Runtime Monitoring for Dependable {COTS}-Based Real-Time Embedded Systems},
 booktitle = {RTSS '08: Proceedings of the 2008 Real-Time Systems Symposium},
 year = {2008},
pages = {481--491},
publisher = {IEEE Computer Society},
 address = {Washington, DC, USA},
 }



%---------------------
%
%---------------------

@INPROCEEDINGS{Rushby09:SEFM,
	AUTHOR = {John Rushby},
	TITLE = {Software Verification and System Assurance},
	BOOKTITLE = {Intl. Conf. on Software Engineering and Formal Methods ({SEFM})},
	OPTEDITOR = {Dang Van Hung and Padmanabhan Krishnan},
	OPTADDRESS = {Hanoi, Vietnam},
	ORGANIZATION = {IEEE},
	PAGES = {3--10},
	MONTH = nov,
	YEAR = 2009
}



@InProceedings{BarringerGHS04,
  author = 	 {H. Barringer and  A. Goldberg  and K. Havelund and  K. Sen},
  title = 	 {Rule-Based Runtime Verification},
  booktitle = 	 {Verification, Model Checking, and Abstract Interpretation (VMCAI)},
  year = 	 {2004},
  series = {LNCS},
  number = 	 {2937},
  publisher = {Springer-Verlag}
  }

@InProceedings{BarringerRH07,
  author = 	 {H. Barringer and D. Rydeheard and K.  Havelund},
  title = 	 {Rule systems for run-time monitoring: From Eagle to Ruler},
 booktitle = { {RV}07: Proceedings of Runtime Verification  2007},
 pages = 	 {111--125},
 year = 	 {2007},
 number = 	 {4839},
  series = 	 {LNCS},
  publisher = {Springer-Verlag}
}



%======================= 
% Monitoring C programs
% ======================
@InProceedings{Havelund08,
  author = 	 {K. Havelund},
  title = 	 {Runtime Verification of {C} Programs},
  booktitle = {{T}est{C}om/{FATES}},
  OPTpages = 	 {},
  year = 	 {2008},
  number = 	 {5047},
  series = 	 {LNCS},
  publisher = {Springer-Verlag}
}


---------------------
% Real-Time
% ------------------------------------
@inproceedings{SavorS97,
    author = {T. Savor and R. Seviora},
    title = {An Approach to Automatic Detection of Software Failures in Real-Time Systems},
    booktitle = {IEEE Real-Time Technology and Applications  Symposium},
    pages = {136--147},
    year = {1997}
   }

@inproceedings{mokL97,
    author = {A. Mok and G. Liu},
    title = {Efficient Run-Time Monitoring of Timing Constraints},
    booktitle = {IEEE Real-Time Technology and Applications Symposium},
    pages = {252--262},
    year = {1997}
   }



%-------------------------
% Monitoring metric and other temporal logics 
% ------------------------


@InProceedings{AlurH90,
  author = 	 {R. Alur and T. Henzinger},
  title = 	 {Real time logics: complexity and expressiveness},
  booktitle = {Fifth Annual Symposium on Logic in Computer Science},
  pages = 	 {390-401},
  year = 	 {1990},
  publisher = {IEEE Computer Society Press}
}



@InProceedings{AlurH92,
  author = 	 {R. Alur and T. Henzinger},
  title = 	 {Logics and Models of Real Time: A Survey},
  booktitle = {Real Time Theory and Practice},
  OPTpages  = {},
  year = 	 {1992},
  volume = 	 {LNCS},
  publisher = {Springer-Verlag}
  
}

@InProceedings{BasinKMP08,
  author = 	 {D. Basin and F. Klaedtke and S. Muller and B. Pfitzmann},
  title = 	 {Runtime Monitoring of Metric First-Order Temporal Properties},
  booktitle = {Foundations of Software Technology and Theoretical Computer Science},
  pages = 	 {49--60},
  year = 	 {2008},
  editor = 	 {R. Hariharan and M. Mukund and V. Vinay},
  series = 	 {Leibniz International Proceedings in Informatics},
  publisher = {Internationales Begegnungs- und Forschungszentrum fuer Informatik (IBFI), Schloss Dagstuhl, Germany.}

}

@Article{simplex,
  author = {Lui Sha},
  title = {Using Simplicity to Control Complexity},
  journal = {IEEE Software},
  month = {July/August},
  year = {2001},
  publisher = {IEEE},
  pages = {20--28},
}

@Article{Drusinky06,
  author = 	 {D, Drusinsky},
  title = 	 {On-line Monitoring of Metric Temporal Logic wit Time-Series Constraints Using Alternating Finite Automata},
  journal = 	 {Journal of Universal Computer Science},
  year = 	 {2006},
  volume = 	 {12},
  number = 	 {5},
  pages = 	 {482--498}
  
}



@Article{ThatiR05,
  author = 	 {P. Thati and G. Ro\c{s}u},
  title = 	 {Monitoring Algorithms for Metric Temporal Logic Specifications},
  journal = 	 {Electronic Notes Theoretical Computer Science},
  year = 	 {2004},
  volume = 	 {113}
}

@InProceedings{MalerNP05,
  author = 	 {O. Maler and D. Nickovic and A. Pnueli},
  title = 	 {Real Time Temporal Logic: Past, Present, Future},
  booktitle = {Formal Modeling and Analysis of Timed Systems},
  pages = 	 {2--16},
  year = 	 {2005},
  volume = 	 {LNCS},
  publisher = {Springer-Verlag}

}


@InProceedings{ColomboPS09,
  author = 	 {C. Colombo and G. Pace and G. Schneider},
  title = 	 {Dynamic Event-Based Runtime Monitoring of  Real-Time and Contextual Properties},
  Tbooktitle = {Runtime Verification 2009},
  pages = 	 {135--149},
  year = 	 {2009},
  volume = 	 {LNCS},
   publisher = {Springer-Verlag}

}




% =========
% LOLA paper
%============
@InProceedings{lola,

  author = {B. D'Angelo and S. Sankaranarayanan and C. Sánchez and W. Robinson and  Zohar Manna 
           and B. Finkbeiner and H. Spima and S. Mehrotra},
    title = {{LOLA}: Runtime Monitoring of Synchronous Systems},
  booktitle = {12th International Symposium on Temporal Representation and Reasoning},
  pages = 	 {166-174},
  year = 	 {2005},
  publisher = {IEEE}

}
% ====================
%This si duplicated. Replace reference w/ existing reference.
% ====================

@article{ptltl,
 author = {Havelund, Klaus and Ro\c{s}u, Grigore},
 title = {Efficient monitoring of safety properties},
 journal = {Int. J. Softw. Tools Technol. Transf.},
 volume = {6},
 number = {2},
 year = {2004},
 issn = {1433-2779},
 pages = {158--173},
 doi = {http://dx.doi.org/10.1007/s10009-003-0117-6},
 publisher = {Springer-Verlag},
 address = {Berlin, Heidelberg},
 }




@Misc{pitot,
  key =       {Aviation},
  author =    {{Aviation Today}},
  title =     {More Pitot Tube Incidents Revealed},
  howpublished = {Aviation Today},
  month =     {February},
  year =      {2011},
  note =      {Available at \url{http://www.aviationtoday.com/regions/usa/More-Pitot-Tube-Incidents-Revealed_72414.html}},
  OPTannote =    {}
}

@Misc{RTJava,
  OPTkey = 	 {},
  author = 	 {TimeSys Corporation},
  title = 	 {JSR-000282 Real-Time Specification for {J}ava 1.1},
  OPThowpublished = {},
  OPTmonth = 	 {},
  OPTyear = 	 {},
  OPTnote = 	 {},
  OPTannote = 	 {}
}

% ----------------------------------
%
% ----------------------------------

@InProceedings{SammapunLS05,
  author = 	 {U. Sammapun and I. Lee and O. Sokolsky},
  title = 	 {{RT-MaC:} Runtime Monitoring and Checking of Quantitative and Probabilistic Properties},
  booktitle = {11th IEEE Intl. Conf. on Embedded and Real-Time Computing Systems and Applications},
  pages = 	 {147--153},
  year = 	 {2005}
}


@Misc{ATSB07,
  key = {ATSB},
  author = 	 {{Australian Transport Safety Bureau}},
  title = 	 {In-Flight Upset Event 240{Km} {N}orth-{W}est of {P}erth, {WA} {B}oeing {C}ompany 777-200, 9{M-MRG} 1 {A}ugust 2005},
  publisher = {Australian Transport Safety Bureau},
  howpublished = {ATSB Transport Safety Investigation Report},
  year = 	 {2007},
  OPTnote = 	 {Aviation Occurrace Report - 200503722}
}

@Misc{ATSB08,
  author = {Kerryn Macaulay},
  title = 	 {{ATSB} Preliminary Factual Report, In-Flight Upset, {Q}antas {A}irbus {A330}, 
 154 {K}m {W}est of {L}earmonth, {WA}, 7 {O}ctober 2008},
  howpublished = {Australian Transport Safety Bureau Media Release },
  month = 	 {{November 14}},
  year = 	 {2008},
  note = 	 {Available at \url{http://www.atsb.gov.au/newsroom/2008/release/2008_45.aspx}}
  }

@Misc{ATSB08A,
   key = {ATSB},
   author = {{Australian Government}},
   title = 	 {In-Flight Upset 154 {K}m {W}est of {L}earmonth 7 {O}ctober 2008 {VH-QPA} {A}irbus {A330-303}},
  howpublished =  {Australian Transport Safety Bureau Aviation Occurrence Investigation AO-2008-70},
  OPTmonth = 	 {},
  note = {Available at \url{http://www.atsb.gov.au/publications/investigation_reports/2008/AAIR/aair200806143.aspx}},
  year = 	 "2008"
}

@Article{BhargavanCMG01,
  author = 	 {K. Bhargavan and S. Chandra and P. McCann and C.A. Gunter},
  title = 	 {What Packets May Come: Automata for Network Monitoring},
  journal = 	 {SIGPLAN Notices},
  year = 	 {2001},
  volume = 	 {35},
  number = 	 {3},
  pages = 	 {209--219}
}

@inproceedings{mats,
 author = "Gao, Jimin and Heimdahl, Mats and Van Wyk, Eric",
 title = "Flexible and Extensible Notations for Modeling Languages",
 booktitle = "Fundamental Approaches to Software Engineering (FASE)",
 series    = "LNCS",
 publisher = "Springer Verlag",
 volume = 4422,
 pages = "102--116",
 month = "March",
 year = 2007
}

@INPROCEEDINGS{qc,
    author = {Koen Claessen and John Hughes},
    title = {{QuickCheck}: A Lightweight Tool for Random Testing of {H}askell Programs},
    booktitle = {ACM SIGPLAN Notices},
    year = {2000},
    pages = {268--279},
    publisher = {ACM}
}

@inproceedings{lustre,
author = {N. Halbwachs and P. Raymond},
title = {Validation of Synchronous Reactive Systems: from Formal Verification to Automatic Testing},
booktitle = {ASIAN'99, Asian Computing Science Conference},
publisher={LNCS 1742, Springer},
year = {1999},
month = {December}
}

@Article{BhargavanG02,
  author = 	 { K. Bhargavan and C. A. Gunter},
  title = 	 {Requirement for a Practical Network Event Recognation Language},
  journal = 	 {Electronic Notes in Theoretical Computer Science},
  year = 	 {2002},
  volume = 	 {70},
  number = 	 {4},
  pages = 	 {1--20}
}

@Misc{mdm08,
  author = {Chris Bergin},
  title =        "Faulty {MDM} Removed",
  note     =  {Available at \url{http://www.nasaspaceflight.com/2008/05/sts-124-frr-debate-outstanding-issues-faulty-mdm-removed/}.},
  howpublished = {{NASA Spaceflight.com}},
  month =        {{M}ay 18},
  year =         {2008}
 }


@Misc{mdm08A,
  author = {Chris Bergin},
 title =        "{STS}-126: Super Smooth Endeavor Easing Through the Countdown to {L}-1",
  note =          {Available at \url{http://www.nasaspaceflight.com/2008/11/sts-126-endeavour-easing-through-countdown/}. (Downloaded {Feb} 3, 2009)},
  howpublished = {{NASA} Spaceflight.com},
  month =        {{November 13}},
  year =         {2008}
 }

@inproceedings{mjrty,
  author    = {Robert S. Boyer and
               J. Strother Moore},
  title     = {{MJRTY}: A Fast Majority Vote Algorithm},
  booktitle = {Automated Reasoning: Essays in Honor of Woody Bledsoe},
  year      = {1991},
  pages     = {105-118}
}

@INPROCEEDINGS{Rushby01:buscompare,
	AUTHOR = {John Rushby},
	TITLE = {Bus Architectures For Safety-Critical Embedded Systems},
	BOOKTITLE = {Workshop on Embedded Software ({EMSOFT})},
	YEAR = 2001,
	OPTEDITOR = {Tom Henzinger and Christoph Kirsch},
	PUBLISHER = {Springer},
	OPTADDRESS = {Lake Tahoe, CA},
	MONTH = {October},
	SERIES = {LNCS},
	OPTVOLUME = 2211,
	PAGES = {306--323}
}

@inproceedings{Tha88:RDSS,
  author    = {Philip M. Thambidurai and
               You-Keun Park},
  title     = {Interactive Consistency with Multiple Failure Modes},
  booktitle = {Proceedings of the Seventh Symposium on Reliable Distributed Systems},
  year      = {1988},
  pages     = {93--100}
}

@ARTICLE{ssa,
    author = {Ron Cytron and Jeanne Ferrante and Barry K. Rosen and Mark N. Wegman and F. Kenneth Zadeck},
    title = {Efficiently computing static single assignment form and the control dependence graph},
    journal = {ACM Transactions on Programming Languages and Systems},
    year = {1991},
    volume = {13},
    pages = {451--490}
}


@inproceedings{latron,
 author = {Latronico, Elizabeth},
 title = {Design Time Reliability Analysis of Distributed Fault Tolerance Algorithms},
 booktitle = {Proceedings of the 2005 International Conference on Dependable Systems and Networks},
 year = {2005},
 pages = {486--495},
 publisher = {IEEE}
} 

@InProceedings{pike-rv-11,
  author =    {Lee Pike and Sebastian Niller and Nis Wegmann},
  title =     {Runtime Verification for Ultra-Critical Systems},
  booktitle = {Proceedings of the 2nd Intl. Conference on Runtime Verification},
  publisher = {Springer},
  series  =   {LNCS},
  year =      {2011},
  month =     {September}
}


@TechReport{monitors,
  author =       {Alwyn Goodloe and Lee Pike},
  title =        {Monitoring Distributed Real-Time Systems: A Survey and Future Directions},
  institution =  {NASA Langley Research Center},
  year =         {2010},
  number =    {NASA/CR-2010-216724},
  month =     {July},
  OPTnote =      {Available at \url{http://ntrs.nasa.gov/search.jsp?R=278742&id=3&as=false&or=false&qs=Ns%3DArchiveName%257c0%26N%3D4294643047}}
}

@inproceedings{sheeran,
  author    = {Mary Sheeran and
               Satnam Singh and
               Gunnar St{\aa}lmarck},
  title     = {Checking Safety Properties Using Induction and a SAT-Solver},
  booktitle = {Formal Methods in Computer-Aided Design (FMCAD)},
  year      = {2000},
  pages     = {108--125},
  series    = {LNCS},
  volume    = {1954},
  publisher = {Springer}
}

@inproceedings{feldspar1,
  author    = {Emil Axelsson and
               Koen Claessen and
               Mary Sheeran and
               Josef Svenningsson and
               David Engdal and
               Anders Persson},
  title     = {The Design and Implementation of {F}eldspar - An Embedded
               Language for Digital Signal Processing},
  booktitle = {Implementation and Application of Functional Languages},
  year      = {2011},
  publisher = {Springer},
  series    = {LNCS},
  volume    = {6647},
  pages     = {121--136}
}


@inproceedings{tinelli,
  author =	 {Temesghen Kahsai and Yeting Ge and Cesare Tinelli},
  title =	 {Instantiation-Based Invariant Discovery},
  booktitle =	 {3rd NASA Formal Methods Symposium},
  OPTEditor =	 {M. Bobaru and K. Havelundand G. Holzmann and R. Joshi},
  publisher =	 {Springer},
  pages =	 {192--207},
  series =	 {LNCS},
  volume =	 {6617},
  year =	 {2011}
}

@inproceedings{gadts,
 author = {Schrijvers, Tom and Peyton Jones, Simon and Sulzmann, Martin and Vytiniotis, Dimitrios},
 title = {Complete and decidable type inference for {GADT}s},
 booktitle = {International Conference on Functional Programming (ICFP)},
 series = {ICFP '09},
 year = {2009},
 pages = {341--352},
 publisher = {ACM}
} 

@ARTICLE{blast,
    author = {Dirk Beyer and Thomas A. Henzinger and Ranjit Jhala and Rupak Majumdar},
    title = {The software model checker {BLAST}: Applications to software engineering},
    journal = {International Journal on Software Tools for Technology Transfer},
    year = {2007}
}

@inproceedings{cbmc,
  AUTHOR    = { Clarke, Edmund
                and Kroening, Daniel
                and Lerda, Flavio },
  TITLE     = { A Tool for Checking {ANSI-C} Programs },
  BOOKTITLE = { Tools and Algorithms for the Construction and Analysis of Systems (TACAS) },
  YEAR      = { 2004 },
  PUBLISHER = { Springer },
  PAGES     = { 168--176 },
  SERIES    = { LNCS },
  OPTVOLUME    = { 2988 }
}

@InProceedings{rvRushby,
  author =       {John Rushby},
  title =        {Runtime Certification},
  OPTcrossref =  {},
  OPTkey =       {},
  booktitle = {Eighth Workshop on Runtime Verification (RV08)},
  pages =     {21--35},
  year =      {2008},
  OPTeditor =    {},
  volume =    {5289},
  OPTnumber =    {},
  series =    {LNCS}
}

% ----------------------------------
%
% ---------------------------------
@Book{lynch,
  author =    {Nancy A. Lynch},
  ALTeditor =    {},
  title =        {Distributed Algorithms},
  publisher =    {Morgan Kaufmann},
  year =         {1996}
}

@Article{lamport95byzantine,
  author =       {L. Lamport and R. Shostak and M. Pease},
  title =        {The {Byzantine} Generals Problem},
  journal =      {ACM Transactions on Programming Languages and Systems},
  year =         {1982},
  OPTkey =       {},
  volume =    {4},
  Tnumber =    {3},
  pages =     {382--401},
  month =     {July},
  OPTnote =      {},
  OPTannote =    {},
  Optnote = {Available at \url{http://citeseer.nj.nec.com/lamport82byzantine.html}}
}

@InProceedings{laprie,
  author =       {Jean-Claude Laprie},
  title =        {Dependability---Its Attributes, Impairments and Means},
  OPTcrossref =  {},
  OPTkey =       {},
  booktitle = {Predictability Dependable Computing Systems},
  pages =     {3--24},
  year =      {1995},
  OPTeditor =    {B. Randell and J.-C. Laprie and H. Kopetz and B. Littlewood},
  OPTvolume =    {},
  OPTnumber =    {},
  OPTseries =    {{ESPRIT} Basic Research Series},
  OPTaddress =   {},
  OPTmonth =     {},
  OPTorganization = {},
  publisher = {Springer},
  OPTnote =      {},
  OPTannote =    {}
}


@article{butler,
 author = {Butler, R. W. and Finelli, G. B.},
 title = {The Infeasibility of Quantifying the Reliability of Life-Critical Real-Time Software},
 journal = {IEEE Transactions on Software Engineering},
 volume = {19},
 issue = {1},
 month = {January},
 year = {1993},
 pages = {3--12},
 publisher = {IEEE Press}
} 

@inproceedings{msc,
 author = {Kr\"{u}ger, Ingolf H. and Meisinger, Michael and Menarini, Massimiliano},
 title = {Runtime verification of interactions: from {MSCs} to aspects},
 booktitle = {International Conference on Runtime Verification},
 year = {2007},
 pages = {63--74},
 publisher = {Springer}
} 

@article{l4,
  author =  {Gerwin Klein 
  and June Andronick
  and Kevin Elphinstone 
  and Gernot Heiser	 
  and David Cock
  and Philip Derrin
  and Dhammika Elkaduwe
  and Kai Engelhardt
  and Rafal Kolanski
  and Michael Norrish
  and Thomas Sewell
  and Harvey Tuch
  and Simon Winwood},
  title =        {{seL4}: Formal Verification of an {OS} Kernel},
  journal =      {Communications of the ACM (CACM)},
  publisher =    {ACM},
  year =         {2010},  
  month =        jun,
  pages =        {107--115},
  volume =       53, 
  number =       6
}



%------------------------
%  Time Triggered
% ------------------------



@Book{kopetz,
  author =    {Hermann Kopetz},
  ALTeditor =    {},
  title =        {Real-Time Systems},
  publisher =    {Kluwer Academic Publishers},
  year =         {1997},
  series =    {The Kluwer International Series in Engineering and Computer Science}

}



@inproceedings{ttethernet,
 author = {Kopetz,, Hermann},
 title = {The Rationale for Time-Triggered Ethernet},
 booktitle = {Real-Time Systems Symposium (RTSS)},
 year = {2008},
 pages = {3--11},
 publisher = {IEEE}
 }


%---------
@book{Haskell98,
  editor = {Simon Peyton Jones},
  howpublished = {PDF},
  pages = 277,
  publisher = {http://haskell.org/},
  title = {{H}askell 98 Language and Libraries: The Revised Report},
  type = {Language Definition},
  year = 2002
}
%  url = {http://haskell.org/definition/haskell98-report.pdf},

@InProceedings{FriedmanW76,
  author = 	 {D. Friedman and D. Wise},
  title = 	 {{CONS Should Not Evaluate its Argument}},
  booktitle = {Automata, Languages and Programming},
  pages = 	 {256--284},
  year = 	 {1976},
  publisher = {University of Edinburgh Press}
}

% -------
@techreport{ISO:C99,
  author = {ISO},
  editor = {WG14},
  note = {ISO/IEC 9899:1999 draft},
  title = {{ISO C} Standard},
  url = {http://www.open-std.org/jtc1/sc22/wg14/www/docs/n1124.pdf},
  year = 1999,
}

@inproceedings{driscoll,
  author    = {K. Driscoll and
               B. Hall and
               H{\aa}kan Sivencrona and
               P. Zumsteg},
  booktitle     = {Computer Safety, Reliability, and Security, 22nd International
               Conference, {SAFECOMP}},
  title     = {Byzantine Fault Tolerance, from Theory to Reality},
  year      = {2003},
  pages     = {235-248},
  publisher = {Springer}
}


@INPROCEEDINGS{qc1,
    author = {Koen Claessen and John Hughes},
    title = {Testing Monadic Code with {QuickCheck}},
    booktitle = {In Proc. ACM SIGPLAN workshop on Haskell},
    year = {2002},
    pages = {65--77}
}

@phdthesis{miner,
 author = {Miner, Paul},
 note = {Adviser-Johnson, Steven D.},
 title = {Hardware verification using coinductive assertions},
 year = {1998},
 school = {Indiana University, Bloomington}
 }

% publisher = {Indiana University, Bloomington}


@InProceedings{DwyerDE08,
  author = 	 {M.B. Dwyer and M. Diep and S. Elbaum},
  title = 	 {Reducing the Cost of Path Property Monitoring Through Sampling},
  booktitle = {Proceedings of the 23rd International Conference on Automated Software Engineering},
  pages = 	 {228--237},
  year = 	 {2008}
}


@article{LennartMS08,
 author = {L.  Augustsson and H. Mansell and G. Sittampalam},
 title = {{Paradise:} a two-stage {DSL} embedded in {H}askell},
 journal = {SIGPLAN Not.},
 volume = {43},
 number = {9},
 year = {2008},
 issn = {0362-1340},
 pages = {225--228},
  publisher = {ACM},
 address = {New York, NY, USA},
 }


@InProceedings{feldspar,
  author = 	 {E. Axelsson and K. Claessen and G.  Dévai and Z.  Horváth and K.  Keijzer and B.  Lyckegård and A.  Persson and  M. Sheeran
and J.  Svenningsson and A. Vajda},
  title = 	 {{Feldspar:} A Domain Specific Language for Digital Signal Processing algorithms},
 booktitle = {8th ACM/IEEE Int. Conf. on Formal Methods and Models for Codesign},
 year = 	 {2010}
}

@Misc{scade,
   author = 	 {Esterel Technologies},
  OPTtitle = 	 {},
  note = 	 {\url{http://www.esterel-technologies.com/technology/success-stories/airbus}}

}




@InProceedings{SammapunLS0R7,
  author =       {U. Sammapun and I. Lee and O. Sokolsky and J. Regehr},
  title =        {Statistical Runtime Checking of Probabilistic Properties},
  booktitle = {{RV'07}: Proceedings of Runtime Verification},
  pages =        {164--175},
  year =         {2007},
  series =       {LNCS}
}




%---------------
@InProceedings{FishmeisterL09,
  author = 	 {S. Fishmeister and P. Lam},
  title = 	 {On Time-Aware Insrumentation of Programs},
    booktitle = {{RTAS'09: 15h IEEE Real-Time and Embedded Technology and Application Symposium} },
  OPTpages = 	 {},
  year = 	 {2009}
  }


@InProceedings{ZhuDG10,
  author = 	 {H. Zhu and M. Dwyer and S. Goddard},
  title = 	 {Predictable Runtime Monitoring},
  booktitle = {ECRTS'09: 21st Euromicro Conference on Real-Time Systems},
  pages = 	 {173--183},
  year = 	 {2009}
 }

@inproceedings{data-kinds,
  author = {Yorgey, Brent A. and Weirich, Stephanie and Cretin, Julien and 
           Peyton Jones, Simon and Vytiniotis, Dimitrios and
           Magalh\~aes, Jos\'e Pedro},
  title = {Giving {H}askell a Promotion},
  booktitle = {Proceedings of the 8th ACM SIGPLAN Workshop on Types in
              Language Design and Implementation},
  series = {TLDI '12},
  year = {2012},
  pages = {53--66},
  publisher = {ACM}
}

@INPROCEEDINGS{Hallgren00funwith,
    author = {Thomas Hallgren},
    title = {Fun with Functional Dependencies},
    booktitle = {Proc. of the Joint CS/CE Winter Meeting},
    year = {2000}
}

@inproceedings{jpm:trkgp:12,
  author = {Magalh\~{a}es, Jos{\'e} Pedro},
  title = {The right kind of generic programming},
  booktitle = {Proceedings of the 8th ACM SIGPLAN Workshop on Generic Programming},
  series = {WGP '12},
  year = {2012},
  isbn = {978-1-4503-1576-0},
  location = {Copenhagen, Denmark},
  pages = {13--24},
  numpages = {12},
  doi = {10.1145/2364394.2364397},
  publisher = {ACM},
  address = {New York, NY, USA},
}

@inproceedings{christiansen2014reflect,
  title={Reflect on your mistakes! Lightweight domain-specific error messages},
  author={Christiansen, David Raymond},
  booktitle={Preproceedings of the 15th Symposium on Trends in Functional Programming},
  year={2014}
}

@inproceedings{lewis2000implicit,
  title={Implicit parameters: Dynamic scoping with static types},
  author={Lewis, Jeffrey R and Launchbury, John and Meijer, Erik and Shields, Mark B},
  booktitle={Proceedings of the 27th ACM SIGPLAN-SIGACT symposium on Principles of programming languages},
  pages={108--118},
  year={2000},
  organization={ACM}
}

@inproceedings{xcb,
  author = {Massey, Bart and Sharp, Jamey},
  title = {{XCB}: An {X} Protocol {C} Binding},
  booktitle = {Proceedings of the 2001 XFree86 Technical Conference},
  publisher = {USENIX},
  year = {2001},
  month = {November},
}

@incollection{lex,
  author = {Lesk, M. E. and Schmidt, E.},
  title = {Lex--a Lexical Analyzer Generator},
  booktitle = {{UNIX Vol. II}},
  editor = {Hume, A. G. and McIlroy, M. D.},
  year = {1990},
  isbn = {0-03-047529-5},
  pages = {375--387},
  numpages = {13},
  _url = {http://dl.acm.org/citation.cfm?id=107172.107193},
  acmid = {107193},
  publisher = {W. B. Saunders Company},
  address = {Philadelphia, PA, USA},
}

@techreport{yacc,
  author = {Johnson, S. C.},
  title = {Yacc--Yet Another Compiler-Compiler},
  number = {32},
  institution = {Bell Laboratories},
  year = {1975},
  month = {July},
}

@incollection{m4,
  author = {Brian W. Kerninghan and Dennis M. Ritchie},
  title = {The {M4} Macro Processor},
  booktitle = {Unix Programmer's Manual Volume 2, 7th Edition},
  year = {1979},
  publisher = {AT\&T Bell Laboratories},
}

@Misc{ad,
  title =     {ad},
  howpublished = {Website \url{http://hackage.haskell.org/package/ad}},
  note =      {Retrieved Feb. 2015},
}

@Misc{estimator,
  title =     {estimator},
  howpublished = {Website \url{http://hackage.haskell.org/package/estimator}},
  note =      {Retrieved Feb. 2015},
}

@Misc{file-location,
  title =     {file-location},
  howpublished = {Website \url{http://hackage.haskell.org/package/file-location}},
  note =      {Retrieved Feb. 2015},
}

@Misc{ghc-srcspan-plugin,
  title =     {ghc-srcspan-plugin},
  howpublished = {Website \url{http://hackage.haskell.org/package/ghc-srcspan-plugin}},
  note =      {Retrieved Feb. 2015},
}

@Misc{linear,
  title =     {linear},
  howpublished = {Website \url{http://hackage.haskell.org/package/linear}},
  note =      {Retrieved Feb. 2015},
}

@Misc{cpp-turing,
  title =     {Is the {C} preprocessor {Turing} complete?},
  howpublished = {Website \url{https://github.com/pfultz2/Cloak/wiki/Is-the-C-preprocessor-Turing-complete\%3F}},
  note =      {Retrieved Feb. 2015},
}
